@article{And68,
    author={Anderson, B.},
    journal={IEEE Transactions on Automatic Control},
    title={A Simplified Viewpoint of Hyperstability},
    year={1968},
    volume={13},
    number={3},
    pages={292-294},
    doi={10.1109/TAC.1968.1098910}
    }